<collection xmlns="http://www.loc.gov/MARC21/slim">
<record>
  <leader>01298nam0a22002771i 450 </leader>
  <controlfield tag="001">IT\ICCU\CNCE\070817</controlfield>
  <controlfield tag="005">20080228000000.0</controlfield>
  <datafield tag="012" ind1=" " ind2=" ">
    <subfield code="a">e-mi s.i- e&amp;x. CoVI (3) 1560 (R)</subfield>
    <subfield code="2">fei</subfield>
  </datafield>
  <datafield tag="100" ind1=" " ind2=" ">
    <subfield code="a">20070524d1560        0itac0103    ba</subfield>
  </datafield>
  <datafield tag="101" ind1=" " ind2=" ">
    <subfield code="a">LAT</subfield>
  </datafield>
  <datafield tag="102" ind1=" " ind2=" ">
    <subfield code="a">IT</subfield>
  </datafield>
  <datafield tag="200" ind1="1" ind2=" ">
    <subfield code="a">Optima grammatices rudimenta auctore Nicolao Perotto archiepiscopo Sypontino. Ad Pyrrhum fratris filium, diligentissime castigata</subfield>
  </datafield>
  <datafield tag="210" ind1=" " ind2=" ">
    <subfield code="a">Florentiae</subfield>
    <subfield code="c">apud Iuntas</subfield>
    <subfield code="d">1560</subfield>
  </datafield>
  <datafield tag="215" ind1=" " ind2=" ">
    <subfield code="a">292, \4! p.</subfield>
    <subfield code="d">8ʻ</subfield>
  </datafield>
  <datafield tag="620" ind1=" " ind2=" ">
    <subfield code="a">IT</subfield>
    <subfield code="d">Firenze</subfield>
  </datafield>
  <datafield tag="700" ind1=" " ind2="1">
    <subfield code="a">Perotto,</subfield>
    <subfield code="b"></subfield>
    <subfield code="3">IT\ICCU\CNCA\004375</subfield>
  </datafield>
  <datafield tag="712" ind1="0" ind2="0">
    <subfield code="a">Giunta, Bernardo</subfield>
    <subfield code="c"> &lt;1.&gt; - eredi</subfield>
    <subfield code="3">IT\ICCU\CNCT\000170</subfield>
    <subfield code="4">650</subfield>
  </datafield>
  <datafield tag="790" ind1=" " ind2="1">
    <subfield code="a">Perottus,</subfield>
    <subfield code="b">Nicolaus</subfield>
    <subfield code="3">IT\ICCU\CNCA\009820</subfield>
    <subfield code="z"></subfield>
  </datafield>
  <datafield tag="790" ind1=" " ind2="1">
    <subfield code="a">Perotti,</subfield>
    <subfield code="b"></subfield>
    <subfield code="3">IT\ICCU\CNCA\017178</subfield>
    <subfield code="z"></subfield>
  </datafield>
  <datafield tag="790" ind1=" " ind2="0">
    <subfield code="a">Sypontinus</subfield>
    <subfield code="3">IT\ICCU\CNCA\017288</subfield>
    <subfield code="z"></subfield>
  </datafield>
  <datafield tag="791" ind1="0" ind2="2">
    <subfield code="a">Bibliotheca Iunctia</subfield>
    <subfield code="3">IT\ICCU\CNCT\006345</subfield>
    <subfield code="z">Giunta, Bernardo &lt;1.&gt; - eredi</subfield>
  </datafield>
  <datafield tag="801" ind1=" " ind2="3">
    <subfield code="a">IT</subfield>
    <subfield code="b">ICCU</subfield>
    <subfield code="c">20201115</subfield>
  </datafield>
  <datafield tag="899" ind1=" " ind2=" ">
    <subfield code="a">Biblioteca Apostolica Vaticana. Citt ̉del Vaticano</subfield>
    <subfield code="1">EX0001</subfield>
    <subfield code="2">ZCV 01</subfield>
  </datafield>
  <datafield tag="899" ind1=" " ind2=" ">
    <subfield code="a">Biblioteca statale. Lucca</subfield>
    <subfield code="1">LU0022</subfield>
    <subfield code="2">LUA BL</subfield>
  </datafield>
  <datafield tag="911" ind1=" " ind2=" ">
    <subfield code="a">Sul front.</subfield>
    <subfield code="9">IT\ICCU\CNCM\000009</subfield>
  </datafield>
  <datafield tag="921" ind1=" " ind2=" ">
    <subfield code="a">IT\ICCU\CNCM\000009</subfield>
    <subfield code="b">Giglio fiorentino. In basso iniziale F. In cornice figurata</subfield>
    <subfield code="c">A51</subfield>
    <subfield code="c">Z654</subfield>
    <subfield code="d">Dimensioni; 4,7 x 6</subfield>
    <subfield code="f">F</subfield>
    <subfield code="f">GIGLIO</subfield>
    <subfield code="f">PUTTI</subfield>
    <subfield code="g">1537-1572</subfield>
  </datafield>
</record>
</collection>
